5875 6700
391 757 458 826 ora
758 703 1433 823 1.nocrnnaon0arcroa1nrca=
1458 754 1860 825 omnsaonua
1881 757 2039 825 mnas
2337 764 2403 830 ora

480 904 483 912 Ι
598 947 647 1011 Ex
669 946 722 1006 illa
742 944 894 1007 Editione
914 943 1094 1007 Basihensi
1114 949 1190 1006 anni
1214 949 1303 1008 1545.
1327 945 1399 1026 (Ed.
1414 950 1457 1023 3.)
1480 945 1557 1007 hanc
1575 946 1850 1026 interpretationem
1872 966 1946 1007 esse
1969 948 2148 1019 conlectam,
2166 949 2344 1031 intelligitur
2361 973 2400 1015 ex

391 1037 492 1109 ltisce,
514 1034 626 1115 quibus
643 1031 747 1094 Editio
771 1036 799 1093 3.
823 1032 861 1092 alr
882 1029 1028 1093 Editione
1056 1034 1191 1114 principe
1212 1051 1355 1093 annorum
1381 1036 1601 1095 lasa-1544.
1621 1033 1693 1112 (Ed.
1720 1037 1763 1111 l.)
1781 1032 1897 1093 diliert:

480 1196 507 1252 l.
548 1185 579 1249 ln
590 1184 650 1248 Ed.
666 1192 694 1247 1.
709 1185 871 1266 epistolam
886 1186 1072 1265 inscriptamr
1086 1183 1275 1265 »Philippus
1285 1184 1466 1247 Melanthea
1475 1188 1533 1264 pio
1545 1184 1659 1246 lectori
1668 1186 1701 1248 S.
1714 1186 1798 1259 D.“,
1812 1207 1891 1266 quae
1906 1188 2010 1267 incipit
2022 1209 2041 1248 a
2051 1191 2152 1251 verbis
2165 1189 2303 1250 Prodest
2312 1191 2403 1269 firma

546 1281 577 1335 et
584 1276 756 1353 perspicua
768 1274 945 1333 testimonia
955 1272 995 1332 dc
1007 1270 1140 1351 sinpalis
1149 1272 1294 1333 articulis
1304 1270 1468 1331 doctrinae
1475 1271 1673 1333 Christianae
1686 1280 1745 1333 etc.
1751 1275 1885 1353 proxime
1897 1275 2268 1352 sequunturverba:„1ta
2280 1276 2403 1337 conditi

545 1367 617 1421 sant
638 1358 774 1418 nomines
796 1379 817 1419 a
837 1357 908 1418 Deo
931 1364 989 1419 etc.
1013 1359 1061 1441 sic
1083 1358 1244 1437 inscripta:
1268 1356 1372 1429 „Loci
1396 1355 1580 1437 ilreolopici
1601 1358 1726 1419 collecti
1747 1379 1768 1417 a
1790 1357 1942 1438 Philippo
1965 1359 2196 1431 Melantlone.“
2241 1359 2273 1420 lu
2286 1361 2345 1420 Ed.
2370 1366 2400 1422 3.

546 1445 591 1506 ἰΙΙί
614 1443 766 1525 epistolae
785 1450 877 1523 atque
899 1444 986 1504 hisce
1004 1443 1107 1504 verbis
1130 1445 1327 1524 interpositus
1350 1450 1399 1503 cst
1417 1441 1531 1523 duplex
1551 1441 1661 1519 ludex,
1683 1443 1761 1503 alter
1783 1442 1933 1505 Locorum
1956 1444 2069 1507 Sacrae
2092 1447 2270 1527 Scripturas
2293 1447 2352 1507 hoc
2371 1448 2400 1507 in

545 1529 652 1592 libello
686 1531 784 1591 obiter
817 1529 1043 1609 explicatorum,
1073 1528 1150 1590 alter
1170 1529 1284 1590 Rerum
1318 1535 1350 1589 et
1372 1529 1547 1602 sorborum,
1581 1536 1674 1609 atque
1693 1528 1876 1590 Graecarum
1894 1529 2075 1606 dictionum,
2104 1553 2182 1612 quae
2206 1533 2304 1593 obiter
2322 1535 2401 1593 inse-

545 1623 665 1687 runtur,
696 1615 868 1696 explicatio.
912 1613 992 1676 Post
1013 1615 1091 1675 haec
1113 1623 1282 1694 sequuntur
1300 1614 1353 1675 illa
1374 1615 1485 1674 verba:
1519 1614 1574 1675 Ita
1607 1615 1731 1675 conditi
1762 1623 1833 1676 anst
1866 1622 1923 1677 etc.
1954 1617 2001 1676 sic
2023 1620 2182 1698 inscripta:
2217 1618 2299 1677 Loci
2320 1617 2401 1678 tlrea

547 1702 646 1783 topici
674 1700 801 1762 collecti
833 1723 854 1761 a
874 1698 1030 1782 Plrilippo
1059 1699 1307 1761 Melaacltlrone.
1346 1698 1525 1778 Praefatio.
1556 1735 1599 1747 --
1642 1698 1852 1779 luterpretatio
1891 1701 2001 1781 gallica
2032 1724 2086 1783 pro
2116 1704 2168 1764 illa
2194 1703 2401 1764 Melanthonis

547 1787 678 1868 epistola
696 1787 735 1847 ad
755 1788 839 1867 pium
857 1785 1002 1847 lectorem
1020 1786 1113 1847 habet
1130 1785 1206 1848 lolr.
1230 1783 1393 1847 Caluini
1415 1785 1633 1866 praefationem
1656 1787 1847 1865 inscriptamz
1871 1786 1991 1857 ,delion
2011 1786 2121 1849 Calain
2140 1810 2207 1849 assa
2218 1789 2407 1851 nectarae·
2503 1855 2506 1859 ⁸

545 1874 633 1935 Hanc
654 1874 854 1953 subsequitur
877 1871 996 1933 illorum
1025 1873 1199 1934 verborum:
1230 1872 1285 1932 Ita
1303 1871 1427 1932 conditi
1447 1878 1520 1931 sunt
1536 1870 1673 1931 londaes
1691 1892 1711 1931 a
1729 1870 1802 1931 Deo
1823 1880 1879 1934 etc.
1898 1872 2074 1934 translatio:
2103 1873 2166 1934 Les
2182 1873 2313 1934 lomna
2330 1881 2403 1936 sont

548 1956 632 2020 cre'ea
659 1958 700 2019 dc
717 1958 802 2019 Dian
824 1966 882 2019 etc.
906 1959 953 2018 sic
976 1960 1136 2038 inscripta:
1170 1957 1221 2017 La
1236 1957 1355 2018 Samma
1376 1956 1417 2017 dc
1443 1952 1619 2037 Tleolopie.
1656 1956 1706 2017 La
1723 1955 1868 2035 Prefoce.
1887 1996 1929 2005 —
1951 1957 2175 2039 Unusquisque
2197 1960 2295 2030 videt,
2324 1961 2403 2021 hanc

544 2045 781 2127 luseriptionem,
805 2043 887 2123 quod
908 2044 947 2103 ad
969 2064 1075 2105 vocem
1098 2042 1301 2135 Lasteface
1321 2043 1437 2113 attinet,
1457 2063 1526 2103 cum
1543 2041 1601 2104 Ed.
1623 2046 1664 2113 3.,
1688 2063 1746 2103 non
1769 2064 1842 2104 vero
1861 2063 1929 2104 curn
1946 2042 2006 2105 Ed.
2034 2051 2059 2106 l.
2075 2047 2255 2125 convenire.
2334 2044 2336 2048 ’

501 2244 510 2261 .
548 2197 631 2259 Huic
661 2197 841 2278 praefationi
874 2197 1100 2268 Melanthonis,
1136 2217 1214 2277 quae
1238 2198 1342 2276 incipit
1364 2215 1383 2255 a
1403 2196 1523 2257 verbis:
1556 2195 1611 2256 Ita
1633 2196 1757 2257 conditi
1777 2204 1849 2257 snat
1865 2196 2003 2257 lonsines
2028 2204 2087 2259 etc.
2110 2206 2142 2260 et
2164 2200 2263 2287 iinitrrr
2279 2200 2400 2260 verbis:

545 2283 687 2345 atlabor
707 2286 750 2344 sit
772 2283 862 2343 nobis
880 2291 911 2343 et
933 2282 1007 2343 aliis
1024 2281 1146 2361 foelix,
1169 2284 1198 2343 ia
1221 2282 1281 2343 Ed.
1309 2286 1336 2343 1.
1360 2279 1462 2341 nullae
1484 2280 1656 2364 adscriptae
1680 2288 1753 2342 sunt
1774 2284 1986 2343 annotationes
2009 2284 2207 2363 marginales3
2238 2286 2267 2343 in
2290 2285 2347 2345 Ed
2373 2288 2401 2346 3.

449 2381 454 2389 '
545 2391 615 2431 vero
637 2368 778 2449 leguntur
805 2368 865 2429 hae
892 2377 1030 2449 septem:
1059 2367 1236 2428 Metlodas.
1257 2402 1298 2416 --
1322 2364 1498 2445 Principia.
1525 2404 1563 2414 —
1589 2367 1798 2429 Certitnds'nis
1826 2388 1948 2428 causae.
1973 2405 2015 2414 —
2038 2368 2144 2429 nsua.
2169 2406 2212 2415 —
2232 2369 2402 2430 Sacrorwn

545 2455 692 2516 librorum
713 2454 804 2514 ordo.
824 2490 866 2501 -
888 2453 1123 2532 Scripturarnm
1144 2454 1373 2532 interpretatio.
1398 2490 1439 2499 -
1461 2450 1667 2513 Etlnicornm
1696 2461 1726 2513 ct
1751 2453 1976 2514 lunaticorum
1998 2473 2127 2518 mores.
2160 2460 2300 2534 (quarum
2327 2475 2400 2534 qua·

452 2540 458 2553 '
544 2548 612 2602 tuor
643 2542 761 2621 priores
795 2547 867 2600 sunt
898 2559 993 2599 voces
1017 2546 1119 2601 textus
1150 2541 1179 2599 in
1202 2539 1337 2617 margine
1355 2540 1526 2618 repetitae).
1571 2536 1603 2597 ln
1627 2541 1871 2619 interpretatione
1904 2539 2016 2618 gallica
2037 2538 2147 2600 iisdem
2169 2539 2249 2600 locis
2272 2541 2400 2601 eaedem

545 2628 756 2687 annotationes
779 2624 963 2705 marginales
984 2624 1125 2704 leguntur
1146 2627 1207 2685 sic:
1230 2623 1388 2684 Metlods.
1413 2660 1454 2669 -
1477 2622 1540 2683 Les
1558 2625 1731 2703 principes.
1753 2662 1795 2671 —
1819 2623 1881 2685 Les
1903 2644 2012 2685 canses
2034 2625 2075 2685 de
2097 2624 2259 2686 certitudo.
2285 2664 2327 2673 -
2348 2624 2400 2685 La

545 2712 625 2793 Foy.
650 2747 690 2757 -
708 2709 845 2771 L'ordre
872 2709 930 2770 des
957 2712 1056 2779 saints
1078 2709 1183 2770 liures.
1207 2746 1250 2757 —
1271 2708 1553 2789 L’interpratation
1580 2708 1637 2769 des
1665 2712 1839 2770 escritares.
1864 2747 1898 2756 -
1929 2710 1992 2771 Les
2008 2730 2129 2771 errem
2151 2710 2207 2771 des
2228 2709 2401 2791 Etlrsiqnes

546 2796 780 2876 etderetiques.

499 2955 527 3014 3.
550 2949 651 3011 Etiam
673 2951 703 3010 in
732 2949 827 3009 Locis
857 2950 935 3030 ipsis
957 2948 1015 3009 Ed.
1043 2946 1449 3029 l.mrllasexl1ibetnotas
1474 2946 1674 3026 marginales3
1704 2955 1735 3007 at
1763 2946 1822 3007 Ed.
1847 2952 1875 3009 3.
1898 2939 1971 3006 t'erc¹
1992 2948 2117 3008 easdem
2139 2948 2232 3009 habet
2254 2969 2290 3009 ac
2313 2950 2400 3009 inter-

544 3038 672 3117 pretatio
694 3035 814 3115 gallica,
839 3056 865 3095 e.
889 3056 914 3094 c.
933 3032 1020 3094 Loco
1042 3033 1094 3093 De
1114 3033 1197 3105 Deo,
1216 3034 1358 3094 adiuncto
1380 3034 1480 3112 capite
1500 3034 1660 3111 inscripto:
1684 3030 1900 3104 „Testimonia
1921 3030 1962 3091 de
1990 3031 2116 3093 Vnitate
2137 3032 2234 3094 Dei.“
2267 3034 2400 3114 adscrip-

543 3130 593 3185 tae
616 3129 688 3182 snnt
710 3120 767 3182 hae
785 3119 946 3183 tredecim:
964 3119 1130 3180 Hornirnsrn
1147 3126 1178 3180 et
1200 3120 1371 3179 creatiorsis
1393 3124 1424 3178 et
1445 3117 1669 3196 redemptionis
1686 3137 1792 3177 casua.
1816 3151 1857 3165 --
1878 3116 2025 3177 Hominis
2035 3121 2182 3196 optionem
2203 3140 2284 3199 opus
2304 3119 2399 3199 quaed.
2424 3153 2431 3162 ·

543 3244 585 3255 -
608 3205 673 3267 Dei
694 3209 844 3287 copaitio.
868 3241 911 3252 -
939 3204 1159 3265 Innocationis
1185 3223 1279 3265 aerae
1308 3224 1329 3264 a
1352 3202 1442 3282 falsa
1464 3204 1642 3264 discrimen.
1673 3240 1711 3250 —
1739 3200 1908 3262 lurcorum
1934 3201 1976 3263 de
1995 3203 2067 3263 Deo¹
2088 3225 2186 3265 error.
2212 3244 2250 3254 -
2270 3204 2335 3265 Dei
2355 3225 2400 3265 es·

543 3294 645 3351 sentia
666 3298 697 3350 et
713 3292 867 3352 noluntas.
890 3325 934 3336 -
956 3289 1021 3350 Dei
1052 3289 1226 3369 descriptio
1253 3288 1436 3349 Platonica.
1459 3325 1503 3336 —
1525 3286 1756 3349 Ecclesiastico
1782 3286 1848 3347 Dei
1868 3287 2052 3368 descriptio.
2079 3327 2117 3337 -
2140 3289 2205 3351 Dei
2236 3298 2301 3351 tres
2328 3310 2400 3372 per-

543 3394 649 3435 sonae.
672 3409 715 3420 —
738 3373 853 3435 Rerum
885 3376 1005 3433 creatio
1037 3380 1069 3433 et
1102 3376 1298 3434 consensatio
1332 3376 1430 3433 totins
1450 3375 1609 3434 trinitatis
1630 3393 1717 3452 opas.
1751 3371 1963 3452 -lBaptismi
1982 3374 2132 3451 soramla.
2150 3412 2192 3423 -
2213 3374 2278 3436 Dei
2299 3397 2400 3437 essen·

544 3463 601 3522 tia.
628 3495 665 3505 -
687 3458 814 3520 Ielona.
839 3493 880 3505 -
901 3456 1110 3538 interpretatio
1139 3457 1265 3538 gallica,
1298 3457 1466 3518 secundam
1499 3464 1531 3518 et
1553 3459 1673 3519 tertiam
1695 3457 1813 3518 illarum
1835 3460 2061 3521 annotationum
2084 3461 2246 3532 omittens,
2280 3468 2399 3523 ceteras

544 3545 686 3608 undecim
718 3544 818 3607 reddit
843 3544 955 3605 iisdem
981 3544 1061 3604 locis
1085 3545 1148 3605 sic:
1181 3543 1232 3604 La
1259 3562 1352 3604 cause
1379 3543 1421 3604 da
1448 3542 1483 3603 la
1504 3545 1646 3602 mention
1667 3550 1698 3603 et
1718 3541 1914 3621 redemptian
1935 3544 1993 3605 des
2012 3542 2153 3605 lomnes.
2176 3582 2218 3591 —
2240 3544 2291 3605 La
2312 3546 2399 3625 diffe-

544 3650 635 3692 rence
656 3638 741 3692 entre
762 3629 795 3690 la
814 3649 910 3712 oraye
930 3631 1113 3691 inauratior
1135 3637 1166 3689 et
1183 3628 1216 3689 la
1233 3627 1346 3707 sarahe.
1371 3666 1413 3676 -
1431 3628 1577 3689 L'errear
1599 3627 1656 3688 des
1681 3627 1776 3688 llsrcz
1792 3636 1888 3708 quant
1911 3627 2041 3690 &Dian
2065 3665 2109 3676 -
2129 3629 2292 3691 L'essence
2313 3639 2344 3692 et
2365 3632 2400 3692 la

543 3713 672 3778 oolnnte'
685 3716 726 3776 ds
746 3715 838 3777 Dieu.
857 3753 896 3763 -
914 3714 967 3775 Lo
988 3715 1184 3796 description
1205 3714 1246 3775 ele
1266 3713 1352 3774 Diea
1368 3713 1455 3775 selon
1475 3712 1605 3775 Platon.
1628 3749 1672 3761 -
1692 3712 1744 3773 La
1765 3712 1960 3794 description
1982 3715 2023 3775 de
2043 3714 2129 3775 Dices
2149 3714 2235 3777 selon
2256 3714 2397 3798 l'Eplise.

545 3838 589 3850 -
609 3802 672 3863 Les
695 3806 774 3863 trois
793 3821 943 3882 personas
970 3799 1011 3862 de
1032 3799 1126 3862 Dian.
1145 3838 1189 3850 -
1211 3800 1262 3861 La
1291 3802 1436 3863 aaaron
1468 3807 1500 3860 et
1526 3802 1744 3860 corrseraation
1766 3799 1807 3860 de
1829 3807 1929 3860 tontes
1951 3800 2058 3861 choses
2075 3807 2126 3865 ¹est
2146 3820 2203 3861 one
2224 3822 2336 3864 oessnre
2357 3802 2399 3863 de

543 3895 630 3949 tonte
647 3887 680 3947 la
706 3885 834 3948 llinite'.
858 3924 900 3933 -
923 3887 974 3948 La
987 3888 1089 3965 forme
1109 3886 1154 3947 dn
1170 3884 1350 3967 Baptesme.
1370 3921 1411 3934 -
1432 3884 1595 3946 L’essence
1615 3885 1657 3946 de
1671 3884 1766 3946 Dine.
1790 3923 1833 3932 —
1849 3884 1976 3947 Ielrooa.
2000 3923 2043 3934 -
2064 3886 2150 3948 llaec
2178 3888 2318 3969 exempla
2334 3887 2398 3950 sul·

544 3973 647 4036 liniant
666 3974 706 4034 ad
728 3974 910 4034 sententiam
931 3992 1031 4034 meam
1054 3972 1328 4034 demonstrandam.

595 4158 628 4221 lu
662 4161 722 4222 line
753 4181 825 4222 vero
852 4160 932 4222 haec
960 4161 1166 4242 interpretatio
1189 4160 1227 4221 ab
1250 4165 1377 4240 utraque
1406 4156 1460 4220 illa
1481 4156 1624 4220 Editione
1645 4157 1740 4219 latina
1756 4158 1867 4220 diltert.
1882 4163 1916 4239 *)
1965 4157 1998 4219 ln
2016 4157 2074 4222 lid.
2097 4166 2125 4221 1.
2148 4161 2229 4221 enim
2251 4163 2398 4224 extremis

389 4247 488 4313 ultimi
508 4246 586 4308 Loci
608 4246 660 4306 De
680 4246 825 4307 libertate
842 4245 1016 4307 christiana
1032 4248 1135 4307 verbis
1157 4247 1331 4326 subscripta
1352 4250 1425 4307 suut
1445 4263 1570 4325 graeca:
1597 4249 1680 4317 τέλος
1705 4246 1776 4331 θεῷ
1797 4243 1895 4322 daga,
1926 4265 2025 4324 neque
2047 4243 2142 4307 lodex
2157 4246 2309 4308 Locorum
2326 4249 2399 4310 sub·

389 4334 546 4415 seqnitur;
568 4334 598 4392 in
619 4332 679 4393 Ed.
704 4335 733 4393 3.
757 4331 821 4392 illis
839 4332 941 4392 rerlris
960 4332 1135 4416 subscripta
1152 4337 1203 4392 est
1223 4350 1299 4392 voxs
1316 4331 1415 4402 Finis,
1439 4337 1470 4391 et
1493 4326 1588 4391 index
1609 4327 1770 4402 Locorum,
1794 4329 1915 4410 qualem
1929 4332 2141 4410 interpretatio
2159 4331 2272 4412 gallica
2293 4333 2396 4405 habet,

389 4439 492 4499 neque
514 4420 544 4479 in
566 4417 636 4489 fine,
655 4437 754 4498 neque
772 4418 803 4477 in
825 4415 917 4478 huius
931 4415 1086 4478 Editionis
1108 4417 1254 4498 principio
1273 4423 1382 4479 exstat.
1422 4414 1586 4477 Eiusmodi
1607 4413 1703 4476 ludex
1723 4416 1908 4495 inscriptus:
1930 4415 2057 4488 „inda
2073 4415 2240 4489 Laconas,
2262 4424 2293 4479 et
2304 4437 2398 4499 prae·

390 4507 553 4585 cipaornnn
573 4505 725 4582 capitana,
757 4523 837 4584 quae
858 4505 892 4563 in
909 4502 1042 4583 sinpalis
1061 4503 1142 4563 locis
1162 4509 1354 4575 mactantur,
1387 4503 1515 4583 primum
1544 4499 1705 4562 exhibetur
1737 4503 1766 4561 in
1800 4502 1947 4582 principio
1974 4499 2128 4563 Editionis
2150 4503 2397 4582 Witebergensis

390 4591 461 4651 anni
486 4593 566 4652 1545
586 4587 659 4666 (Ed,
679 4591 719 4661 2.,
741 4589 813 4650 vide
834 4586 908 4649 Vol.
929 4585 1011 4651 xxi.
1034 4608 1065 4669 p.
1090 4590 1151 4650 563
1179 4607 1248 4667 sqq.
1272 4609 1317 4648 nr.
1337 4589 1391 4666 3.),
1415 4589 1444 4649 in
1468 4607 1528 4668 qua
1544 4587 1646 4646 verbis
1666 4587 1809 4647 extremis
1827 4586 1925 4649 ultimi
1957 4587 2035 4648 Loci
2064 4588 2172 4649 eadem
2193 4606 2304 4668 graeca
2325 4590 2396 4650 sub-

389 4676 588 4756 seriptasunt
604 4693 641 4734 ac
662 4676 692 4735 in
713 4673 771 4737 Ed.
794 4680 822 4735 1.
868 4672 1059 4756 Quapropter
1074 4674 1226 4755 suspicari
1247 4671 1330 4745 licet,
1352 4675 1413 4735 snb
1435 4672 1524 4734 finem
1542 4673 1644 4753 operia
1667 4673 1757 4732 etiam
1775 4670 1854 4734 hanc
1874 4673 2049 4736 Editiouem
2072 4676 2101 4736 3.
2123 4674 2154 4734 in
2175 4693 2284 4736 manus
2307 4674 2396 4737 iuter·

495 4981 525 5049 '³
544 4982 885 5116 tricennarii.
894 4981 1283 5114 latittltttttltl
1298 4980 1474 5113 illirici.
1483 4980 1620 5102 tiana
1637 4977 2397 5120 rainatnzninnan‘nan

545 5116 717 5171 Gamernrti
733 5115 897 5170 vernentes
913 5145 946 5155 -
963 5115 1108 5170 Nostram
1137 5130 1213 5185 opas
1228 5121 1262 5169 ut
1289 5114 1374 5169 tandi
1402 5118 1515 5169 amat
1541 5130 1628 5169 omae
1658 5120 1736 5168 tuae.
1755 5119 1781 5170 ln
1798 5117 1848 5171 hec
1864 5117 1908 5172 Ed.
1933 5118 2149 5182 interpretationis
2166 5118 2274 5181 uiliore
2291 5132 2316 5183 p.
2333 5117 2394 5172 393.

544 5190 734 5308 anati
745 5187 1074 5319 sinteinan
1085 5183 1488 5309 :titaiaiat‘rri
1500 5183 1671 5307 attat
1683 5182 2291 5320 nuntiataairtnttn
2306 5184 2395 5310 tna

547 5321 718 5377 cuimodi
734 5321 820 5377 rane
836 5321 933 5376 malta
951 5321 1068 5376 nonant
1085 5320 1265 5387 accidant).
1281 5324 1307 5375 in
1324 5323 1390 5376 inca
1408 5320 1445 5375 de
1461 5319 1694 5395 mnptstrattlns
1711 5320 1850 5391 etptlttns
1867 5326 1896 5375 et
1907 5321 2055 5394 dipnttate
2066 5335 2170 5375 reram
2177 5320 2394 5391 politicarum,

545 5393 599 5447 vot.
615 5394 675 5445 xiil.
691 5405 715 5457 p.
734 5394 793 5446 att.
809 5394 852 5446 lla.
872 5394 903 5447 ta
920 5405 991 5459 seqq.
999 5393 1074 5446 Edita
1091 5405 1182 5446 oman
1199 5392 1244 5445 tet.
1262 5394 1321 5455 post
1331 5393 1412 5446 rerba
1424 5403 1555 5459 prorssu
1571 5389 1792 5458 dissipaverant
1809 5393 1972 5460 imperinm
1988 5389 2168 5453 Ronsanam,
2185 5392 2281 5446 habent
2297 5394 2395 5446 vernn

545 5457 703 5527 ,flentque
720 5474 769 5513 res
786 5459 915 5513 ostende
932 5488 966 5499 -
983 5466 1065 5513 stare
1083 5459 1167 5513 dta.“
1206 5461 1275 5513 llaec
1291 5462 1318 5514 tn
1334 5462 1414 5514 neree
1431 5461 1475 5514 Ed
1491 5462 1605 5526 pandus
1622 5461 1732 5522 gallicae
1750 5461 1966 5525 interpretaione
1991 5473 2015 5524 p.
2034 5463 2095 5515 735.
2113 5460 2210 5513 omissa
2228 5463 2296 5514 suut
2330 5461 2393 5515 ann

543 5541 607 5583 vero
635 5531 699 5583 loeta
727 5530 854 5594 quaedam
883 5531 909 5582 tn
925 5532 974 5584 nae
991 5530 1079 5584 addita
1096 5531 1166 5593 sunt
1183 5541 1249 5592 quse
1267 5530 1294 5583 tn
1310 5530 1385 5583 Edita
1402 5529 1488 5583 latinis
1505 5542 1558 5583 non
1575 5529 1712 5592 leguntur,
1741 5540 1765 5582 e.
1787 5541 1809 5582 e
1826 5530 1852 5582 ln
1873 5529 1995 5592 pnndpto
2017 5529 2075 5583 Loet
2093 5525 2130 5580 de
2147 5524 2242 5580 litero
2260 5524 2392 5580 arlttrto

546 5597 718 5719 validum)
736 5610 826 5653 onnes
843 5597 917 5652 Edita
933 5599 978 5653 tat.
997 5600 1096 5653 nabent
1113 5598 1197 5718 setpn
1215 5609 1312 5652 nomen
1333 5592 1434 5660 Vatia,
1452 5599 1518 5652 nsee
1541 5601 1629 5652 snum
1646 5597 1921 5662 insinuatio-asna
1942 5596 2033 5651 santo
2048 5598 2231 5663 praenomine:
2253 5592 2392 5650 Laurens

543 5784 693 5827 usurus.
707 5784 790 5827 oras.
804 5784 867 5829 ron.
881 5783 954 5826 xxa.
1961 5782 1973 5793 ·
2184 5765 2221 5818 tt
