5875 6700
340 395 500 424 -..e-“⁴'‘
514 389 534 396 ⁶

409 569 412 578 ⁵
460 622 527 690 aar
859 647 862 651 -
1020 609 1025 620 “
1092 618 1206 688 eun.
1227 619 1332 686 nau.
1354 583 1543 688 samma
1563 618 1843 688 nonnanes.
2407 615 2477 682 ras

670 808 930 870 Tileroannus
948 808 1188 880 Hesbusius,
1211 810 1363 890 quondam
1384 808 1593 870 Melanthonis
1612 809 1783 889 discipulus
1806 817 1839 870 et
1860 809 1889 866 in
1912 807 2019 868 eadem
2042 806 2132 866 domo
2150 804 2302 875 habitans,
2324 812 2356 864 at
2372 805 2476 864 arrimo

463 893 507 956 illi
530 889 767 972 dissimillimus,
787 897 816 955 in
840 897 973 956 oratioue
997 896 1035 955 de
1054 896 1157 956 studio
1175 895 1349 975 theologico
1372 895 1526 955 formando
1550 893 1626 955 haec
1659 895 1802 975 scripsit:
1824 894 1927 954 „Vere
1950 894 2040 953 nohis
2063 891 2101 951 de
2124 899 2246 951 nostrae
2268 891 2380 950 aetatis
2405 889 2476 950 teli-

463 983 555 1043 citato
577 989 608 1040 et
630 981 804 1042 admiranda
825 980 894 1042 luce
916 981 1071 1041 doctrinae
1093 980 1234 1060 gratulari
1257 1001 1433 1061 possumus.
1477 982 1537 1043 Est
1555 983 1633 1040 enim
1657 982 1686 1041 in
1705 982 1837 1041 omnium
1855 979 1994 1039 manibus
2017 978 2226 1038 eruditissima
2243 975 2407 1035 methodus
2430 983 2477 1036 to·

463 1069 524 1129 tius
543 1067 698 1128 doctrinae
721 1066 847 1138 Christi,
870 1068 985 1146 scripta
1006 1088 1024 1127 a
1046 1065 1082 1126 P.
1096 1066 1283 1128 Melancbth.
1302 1069 1332 1128 in
1351 1087 1411 1147 qua
1429 1066 1541 1146 singuli
1564 1066 1682 1128 articuli
1706 1087 1780 1147 pure
1804 1067 1871 1126 sine
1895 1065 2036 1124 omnihus
2055 1062 2244 1142 corruptoris,
2267 1082 2388 1121 summa
2410 1082 2477 1121 ver·

462 1154 568 1214 horum
595 1154 778 1234 proprietate
801 1163 832 1214 et
848 1153 1065 1234 perspicuitate
1088 1155 1219 1234 expositi
1241 1161 1330 1224 sunt,
1363 1155 1490 1232 partium
1509 1155 1608 1213 series
1630 1154 1870 1234 prudentissime
1892 1156 2058 1210 monstrata
2076 1155 2133 1209 est.
2201 1148 2392 1208 Testimonia
2413 1148 2478 1206 evi·

463 1240 568 1301 dentla
588 1259 707 1299 summo
729 1239 859 1299 consilio
877 1247 908 1300 et
930 1238 1087 1319 diligentia
1109 1247 1295 1302 coacervata.
1338 1237 1450 1300 Nullae
1473 1241 1593 1300 otiosae
1615 1239 1846 1319 speculationes
1865 1237 2015 1297 admixtae
2037 1242 2123 1303 sunt,
2158 1235 2214 1294 sed
2239 1235 2339 1292 omnia
2361 1232 2479 1292 referta

462 1332 535 1386 sunt
556 1324 682 1385 salutari
702 1325 846 1385 doctrina.
892 1326 941 1385 Ac
963 1346 1034 1384 vere
1057 1325 1096 1385 de
1118 1325 1177 1385 boc
1195 1328 1310 1406 scripto
1334 1327 1438 1386 testari
1461 1345 1646 1405 possumus,
1682 1345 1749 1384 cum
1779 1323 1941 1404 Philippus
1971 1324 2000 1381 in
2020 1320 2089 1380 aliis
2113 1321 2335 1380 commentariis
2364 1337 2477 1378 omnes

332 1457 338 1468 .
463 1411 595 1472 omnium
620 1419 786 1491 temporum
809 1409 1052 1472 Ecclesiasticos
1076 1410 1248 1491 Scriptores
1270 1410 1361 1490 longe
1383 1413 1505 1480 vicerit,
1539 1412 1568 1470 in
1599 1410 1658 1470 hoc
1680 1411 1793 1490 scripto
1816 1430 1853 1470 se
1881 1411 1980 1488 ipsum
2004 1409 2086 1467 vicit.
2154 1407 2257 1484 Atque
2290 1405 2359 1464 ideo
2395 1406 2478 1464 inter

462 1499 562 1557 omnia
581 1498 695 1576 scripta
716 1497 847 1556 bumana
868 1497 969 1556 iudico
993 1517 1067 1557 esse
1089 1497 1206 1566 utilius,
1229 1497 1287 1558 hac
1305 1495 1448 1558 methodo
1471 1495 1608 1576 Philippi
1632 1497 1686 1566 uti,
1706 1517 1774 1556 cum
1796 1496 1835 1555 ad
1859 1493 2088 1572 intelligendum
2106 1490 2324 1570 Prophetarum
2347 1498 2379 1551 et
2392 1490 2478 1569 Apo-

462 1581 609 1648 stolorum
632 1584 755 1661 scripta,
779 1590 840 1643 tum
863 1582 900 1642 ad
923 1583 1043 1662 plenam
1065 1583 1280 1661 perlectionem
1304 1584 1457 1644 doctrinae
1481 1579 1606 1652 Christi,
1630 1582 1723 1642 etad
1745 1588 1855 1642 certam
1880 1579 2124 1640 diiudicationem
2137 1578 2409 1637 controversiarum
2434 1576 2479 1635 de

462 1669 616 1747 agnitione
638 1657 710 1739 Dei,
734 1674 765 1728 et
787 1668 940 1728 bominum
960 1668 1154 1729 redemtione.
1201 1666 1406 1741 Quamobrem
1429 1669 1488 1728 boc
1510 1675 1657 1748 perpetuo
1676 1674 1790 1728 statuat
1808 1666 1996 1746 Theologiae
2019 1665 2180 1724 studiosus
2202 1683 2323 1723 summa
2344 1662 2478 1722 assidui·

461 1759 534 1825 tate,
558 1754 688 1814 maximo
710 1754 814 1814 studio
834 1762 865 1815 et
886 1753 1032 1833 singulari
1052 1756 1216 1815 attentione
1235 1756 1315 1816 bunc
1333 1754 1440 1815 librum
1464 1755 1626 1834 legendum
1645 1761 1677 1813 et
1698 1752 1829 1814 subinde
1853 1750 2134 1831 recognoscendum
2157 1761 2265 1812 esse.“

668 1904 864 1967 Nicotaus
883 1906 978 1967 Seln
988 1929 1005 1967 e
1015 1928 1149 1968 ccerus
1166 1907 1384 1988 inpraetatione
1397 1905 1611 1968 Commentarii
1625 1910 1654 1967 in
1667 1905 1805 1966 Genesin
1822 1904 1963 1986 (Lipsiae
1978 1903 2164 1990 1569.'Fol.)
2179 1903 2219 1964 de
2231 1899 2306 1966 blel.
2318 1901 2414 1962 laocis
2427 1904 2479 1962 sic

461 1991 593 2053 iudicat:
617 1989 792 2062 „Prolixius
814 1993 1036 2054 autemrelerre
1058 1995 1159 2053 omnia
1176 1995 1236 2054 ista
1255 1993 1345 2065 volui,
1369 2000 1402 2054 ut
1424 1994 1537 2073 quibus
1556 1995 1696 2054 insistam
1720 1993 1872 2070 vestigiis,
1898 2000 1928 2052 et
1951 2012 2079 2071 quarum
2104 1990 2303 2050 ecclesiarum
2317 1989 2479 2049 doctrinae

461 2084 495 2138 et
512 2077 702 2138 confessioni
726 2079 869 2139 addictus
901 2080 976 2150 sim,
1009 2077 1132 2159 publice
1153 2084 1297 2151 testarer,
1331 2081 1359 2139 ei
1383 2081 1532 2150 nimirum,
1555 2099 1635 2158 quae
1658 2099 1696 2139 ex
1718 2077 1852 2139 lontibus
1876 2076 1969 2138 lsrael
1993 2077 2103 2137 hausta
2126 2084 2157 2137 et
2179 2074 2400 2155 comprehensa
2423 2079 2481 2134 est

462 2163 551 2234 libro,
576 2164 624 2223 cui
646 2162 754 2224 titulus
777 2161 898 2244 Corpus
916 2165 1080 2236 doctrinae,
1110 2166 1282 2245 conscripto
1303 2185 1330 2225 a
1354 2165 1394 2225 D.
1418 2163 1561 2245 Philippo
1580 2164 1783 2245 Praeceptore
1802 2168 1831 2226 b.
1845 2185 1883 2223 m.
1904 2164 1943 2224 de
1965 2184 2025 2243 quo
2048 2163 2125 2223 libro
2148 2162 2291 2222 iudicium
2314 2160 2481 2220 cuiusdam

461 2250 517 2316 viri
537 2249 681 2320 doctrina,
701 2251 813 2328 pietate
836 2258 867 2311 et
884 2252 1044 2311 autoritate
1061 2249 1241 2310 excellentis
1264 2257 1296 2312 et
1315 2252 1415 2330 magni
1433 2253 1488 2313 soei
1509 2257 1539 2313 ts
1561 2249 1658 2331 ἁγίοις
1675 2270 1910 2311 commemorare
1928 2250 2027 2310 obiter
2047 2251 2147 2308 visum
2170 2254 2233 2309 est:
2252 2247 2396 2327 Optimus
2420 2244 2481 2305 illo

462 2335 540 2396 liber
557 2341 618 2405 est,
636 2335 773 2414 scriptus
795 2338 834 2395 ab
857 2337 970 2416 optimo
993 2338 1067 2406 viro,
1090 2337 1121 2396 id
1139 2336 1231 2416 quod,
1252 2338 1283 2397 si
1306 2337 1381 2397 nihil
1403 2335 1496 2407 aliud,
1509 2345 1591 2398 certo
1610 2341 1725 2398 certius
1736 2343 1876 2405 testatur,
1900 2335 1983 2415 quod
2004 2335 2132 2415 pessimi
2156 2336 2268 2413 quique
2292 2331 2376 2391 illum
2402 2332 2481 2391 ode·

462 2429 541 2492 runt,
559 2428 591 2481 et
613 2420 690 2480 alios
710 2420 843 2481 foetidos
860 2421 956 2483 libros
979 2420 1021 2481 illi
1045 2422 1234 2484 substituere
1256 2422 1431 2485 voluerunt:
1454 2424 1559 2502 optimi
1582 2430 1683 2484 autern
1705 2425 1819 2502 quique
1842 2421 1926 2481 illum
1950 2420 2164 2500 magnifaciunt
2182 2426 2212 2479 et
2232 2418 2420 2497 praedicant,
2445 2425 2480 2478 et

461 2506 603 2586 Deo-pro
622 2506 776 2567 doctrinae
798 2506 868 2567 luce
886 2514 918 2584 et
939 2508 1118 2569 dexteritate
1140 2510 1253 2587 gratias
1270 2516 1363 2589 agunt
1385 2515 1442 2571 ete.
1487 2507 1529 2570 Et
1545 2509 1622 2584 libet
1644 2510 1734 2570 etiam
1757 2509 1890 2568 adiicere
1914 2507 1972 2568 hos
2000 2505 2163 2586 aliquando
2192 2506 2222 2564 iu
2245 2506 2299 2563 viri
2323 2505 2425 2583 magni
2446 2509 2479 2564 et

461 2590 592 2684 illustris
616 2612 727 2674 corpus
750 2593 904 2654 doctrinae
926 2595 1057 2674 scriptos
1078 2594 1264 2656 versictdos:

1029 2764 1099 2825 Non
1122 2763 1228 2827 melior
1244 2763 1324 2826 liber
1345 2773 1394 2827 est
1415 2765 1499 2826 ullus
1522 2771 1594 2845 post
1610 2765 1705 2824 biblia
1728 2762 1854 2834 Christi,

1030 2849 1130 2922 Quam
1154 2851 1204 2929 qui
1224 2851 1379 2912 doctrinae
1403 2850 1586 2932 Corpusque
1605 2851 1726 2930 locique
1749 2858 1904 2912 vocantur.
1943 2844 1947 2852 ’

1029 2935 1098 2996 Hoc
1120 2944 1228 2997 norunt
1250 2956 1368 3007 omnes,
1393 2940 1444 3017 qui
1467 2938 1645 2998 dexteritate
1669 2937 1798 2996 docendi

1030 3020 1242 3100 Discendique
1260 3022 1350 3082 simul
1371 3042 1443 3082 vera
1465 3031 1499 3083 et
1518 3024 1632 3102 pietate
1649 3029 1826 3082 tenentur.“

669 3203 750 3278 Quin
774 3205 919 3287 deinceps
942 3207 972 3267 in
993 3205 1202 3268 Melanthonis
1225 3208 1417 3269 adversarios
1439 3210 1487 3269 sic
1510 3207 1675 3269 invehitur:
1721 3209 1868 3279 „Abeant
1891 3207 1981 3285 igitur
2005 3206 2110 3284 ingrati
2140 3204 2255 3275 cuculi,
2282 3204 2475 3282 rra-inanisi-

459 3316 551 3367 πεκες
571 3290 699 3353 Lutheri
722 3301 753 3354 et
775 3291 1080 3375 Philippomastiges,
1099 3294 1245 3355 crabones
1268 3303 1300 3357 et
1322 3294 1392 3365 fuci,
1416 3294 1624 3375 tubricentque
1646 3293 1717 3367 alia,
1746 3314 1824 3374 quae
1842 3300 1984 3373 possunt,
2007 3294 2034 3351 si
2057 3291 2147 3352 modo
2170 3298 2313 3371 possunt,
2336 3311 2475 3372 corpora,

459 3379 511 3441 vel
534 3381 636 3460 potius
659 3379 822 3450 cadavera,
841 3388 893 3441 aut
916 3382 1059 3441 obiiciant
1080 3377 1168 3441 Cous.
1190 3381 1269 3461 Aug.
1293 3383 1505 3461 Locorumque
1523 3403 1582 3441 non
1606 3382 1869 3462 depravationem,
1893 3380 1984 3459 (hanc
2007 3380 2086 3438 enim
2110 3380 2254 3449 obiicere,
2278 3376 2326 3437 vel
2348 3379 2376 3437 si
2396 3399 2476 3438 rum-

460 3474 586 3549 pantur,
615 3466 737 3526 minime
754 3471 901 3545 possunt)
923 3467 1254 3545 sed·recognitionem,
1288 3468 1346 3528 sed
1368 3467 1616 3539 illustrationem,
1641 3468 1699 3528 sed
1727 3468 1895 3527 uberiorem
1918 3464 2078 3525 multarum
2105 3485 2202 3524 rerum
2226 3463 2473 3545 explicationem.

458 3551 534 3614 latis
552 3551 821 3613 calumniatoribus
843 3550 1001 3612 helleboro
1023 3573 1102 3635 opus
1126 3559 1176 3613 est
1192 3557 1244 3615 nal
1261 3552 1384 3639 osdppta
1402 3552 1530 3636 dpaciyq',
1553 3573 1614 3632 qua
1636 3555 1792 3614 cerebrum
1814 3573 1903 3612 suurn
1926 3552 1985 3631 ipsi
2009 3556 2160 3610 verrant.⁴‘

618 3682 632 3725 ⁸
667 3704 710 3765 nt
737 3711 847 3787 postea
864 3706 934 3786 ipse
955 3705 1162 3767 Melanthonis
1185 3706 1379 3767 adversarius
1406 3706 1506 3767 factus
1529 3715 1579 3768 est
1601 3726 1771 3786 omnesque
1793 3705 1902 3767 laudes
1924 3705 1968 3766 illi
2001 3704 2129 3767 tributas
2151 3704 2181 3763 in
2205 3704 2383 3765 contrariam
2406 3721 2474 3783 par·

459 3800 521 3855 tem
544 3790 725 3871 detcrquere
746 3791 872 3852 studuit

667 3941 835 4005 lacobus
867 3944 1054 4006 Andreae
1077 3948 1106 4007 in
1130 3948 1267 4009 oratione
1291 3946 1330 4006 de
1349 3947 1570 4007 instauratione
1592 3948 1685 4008 studii
1707 3945 1874 4025 theologici
1897 3948 1926 4006 in
1948 3945 2115 4006 Academia
2132 3945 2301 4022 Witeberg.
2321 3962 2348 4003 a
2376 3945 2475 4005 1577.

461 4036 489 4095 8.
512 4032 565 4094 t'ol.
588 4031 616 4093 B
640 4036 659 4094 5
682 4032 720 4091 de
743 4030 839 4092 Locis
861 4029 920 4092 hoc
938 4032 995 4094 tert
1012 4031 1169 4093 iudicium:
1191 4031 1292 4104 „Phil
1315 4031 1493 4092 Melanthon
1512 4052 1635 4112 quoque
1658 4035 1758 4114 capita
1776 4033 1928 4095 doctrinae
1951 4031 2144 4102 christianae,
2167 4051 2246 4110 quae
2260 4028 2366 4091 Locos
2392 4050 2476 4091 corn·

322 4184 328 4197 ,
458 4140 568 4181 munes
590 4124 710 4188 vocant,
728 4119 921 4198 conscripsit,
943 4120 982 4178 ab
1005 4119 1074 4198 ipso
1097 4118 1231 4179 bothero
1254 4119 1493 4188 commendatos,
1520 4139 1574 4199 pro
1596 4120 1709 4198 quihus
1728 4119 1893 4189 laboribus,
1915 4119 1943 4178 si
1963 4117 2065 4178 nullus
2087 4118 2166 4179 alius
2188 4117 2370 4197 accepisset,
2401 4115 2477 4177 Deo

457 4204 529 4267 laus
558 4210 591 4265 et
622 4205 721 4279 ipsius
754 4205 867 4264 nomini
900 4205 1051 4285 gratitudo
1085 4205 1212 4266 debetur
1243 4206 1380 4265 maxima.
1406 4241 1445 4250 —
1468 4238 1511 4250 -
1534 4200 1668 4277 Quartus
1691 4203 1856 4266 Professor
1882 4204 2071 4284 Theologiae
2093 4204 2244 4264 Locorum
2266 4204 2476 4264 communium

457 4288 592 4371 Philippi
614 4288 822 4350 Melantbonis
845 4289 1099 4370 Theologicorum
1117 4290 1279 4351 lectionem
1303 4291 1462 4361 obtinebit,
1485 4311 1564 4370 quos
1583 4289 1623 4353 D.
1647 4291 1802 4352 botherus
1825 4291 1910 4369 vidit,
1928 4292 2116 4371 approbavit,
2131 4288 2386 4371 ¹commendavitu
2429 4291 2477 4351 At

458 4376 540 4439 idern
559 4380 588 4439 in
612 4377 746 4455 quinque
765 4378 963 4439 concionibus
980 4378 1021 4437 de
1043 4376 1233 4438 Concordiae
1250 4396 1342 4456 opere
1365 4374 1479 4437 habitis
1503 4383 1535 4437 et
1551 4396 1578 4438 a.
1605 4381 1686 4439 1580
1716 4378 1818 4449 editis,
1841 4377 1894 4438 fol.
1918 4377 1970 4438 Z‘l
1999 4396 2059 4438 non
2081 4376 2228 4438 dubitavit
2253 4373 2379 4457 publica
2401 4394 2477 4437 oon·

458 4464 597 4537 tendere,
618 4482 723 4523 veram
741 4462 907 4523 doctrinam
925 4464 955 4525 in
977 4462 1187 4524 Melanthonis
1211 4459 1347 4543 Corpore
1365 4462 1519 4523 doctrinae
1537 4482 1611 4522 esse
1634 4463 1837 4544 depravatam.

666 4649 710 4712 At
736 4651 968 4712 inconstantiam
998 4657 1092 4731 atque
1118 4651 1280 4710 vanitatem
1302 4651 1429 4711 istorum
1446 4649 1656 4730 theologorum
1680 4651 1913 4731 sociorumque,
1948 4653 2015 4732 qui,
2049 4658 2139 4730 qnae'
2153 4657 2243 4712 antea
2262 4649 2475 4723 laudaverant,

459 4743 572 4818 postea
594 4736 864 4816 reprehendebant,
887 4743 1030 4817 spectant
1047 4736 1139 4797 rerba
1156 4731 1301 4797 Christ.
1321 4732 1483 4807 Pezelii,
1507 4738 1635 4816 quaein
1658 4737 1789 4816 epistola
1808 4736 1993 4798 dedicatoria
2013 4755 2107 4818 supra
2128 4736 2250 4798 laudata
2271 4736 2362 4800 toth
2388 4742 2403 4799 l
2428 4734 2476 4798 la·

459 4829 587 4903 guntur:
611 4818 711 4893 „lllud
734 4823 815 4901 qnod
839 4843 936 4902 saepe
954 4844 1071 4883 mecum
1094 4824 1228 4901 cogitare
1250 4821 1355 4892 soleo,
1374 4830 1407 4883 et
1428 4822 1510 4902 quod
1528 4843 1636 4883 omnes
1659 4822 1865 4903 intelligentes
1889 4824 1997 4885 eodem
2019 4823 2110 4884 modo
2132 4823 2264 4885 iudicare
2282 4842 2404 4888 meeum
2422 4824 2475 4887 bx·

460 4910 581 4979 istimo,'
593 4910 664 4987 quia
682 4909 712 4967 in
731 4908 809 4968 hanc
832 4909 871 4967 de
892 4909 950 4969 loc.
975 4907 1069 4971 theol.
1092 4907 1226 4989 Philippi
1244 4910 1556 4969 commemorationem
1580 4912 1739 4989 ingressus
1762 4930 1849 4980 sum,
1882 4930 1941 4971 non
1959 4929 2087 4989 possum
2110 4930 2170 4970 non
2193 4910 2325 4973 breviter
2346 4906 2408 4970 hoe
2428 4906 2476 4971 1ο-

459 5016 497 5055 co
523 4995 680 5073 attingere.
736 4994 772 5054 Si
802 4995 885 5054 serio
919 4997 982 5066 isti,
1018 4997 1069 5075 qui
1092 5016 1171 5055 nunc
1204 4995 1233 5053 in
1262 4993 1399 5074 plurimis
1429 4993 1611 5055 Germaniae
1632 4993 1710 5055 locis
1733 4996 1896 5056 doctrinam
1920 4996 1988 5056 eius
2005 4994 2075 5067 libri
2095 4996 2298 5069 insectantur,
2330 4994 2379 5057 alc
2400 5000 2507 5057 κγ’
2535 5014 2537 5019 ·
2573 5058 2583 5083 Μ

459 5088 567 5141 serunt
584 5086 683 5151 antea,
706 5087 739 5141 ut
762 5080 927 5141 doctrinam
951 5090 1118 5143 nostrarum
1135 5079 1346 5141 Ecclesiamm
1369 5082 1507 5151 sincere,
1530 5080 1652 5153 dextre,
1671 5080 1815 5152 fideliter,
1838 5081 1867 5141 in
1891 5080 1949 5143 loe.
1973 5080 2069 5143 theol.
2081 5078 2217 5163 Philippi
2238 5080 2358 5151 ΜΗ
2374 5086 2475 5169 ιαμ
2571 5142 2574 5153 ,

460 5166 604 5247 explicari
629 5167 805 5237 iudicarent,
829 5187 882 5227 cur
903 5173 949 5228 tot
970 5167 1172 5228 anathematis
1196 5185 1262 5225 earn
1285 5186 1365 5227 nunc
1386 5165 1425 5227 ad
1443 5164 1555 5245 vulgus
1577 5169 1822 5247 persequuntur?
1882 5166 1938 5228 Sin
1960 5188 2050 5241 vero,
2078 5168 2161 5247 qued
2181 5186 2202 5249 p
2375 5238 2378 5243 .
2443 5166 2448 5247 j
2473 5194 2478 5207 ·

459 5266 541 5314 nnnc
568 5252 797 5332 improbandum
819 5259 943 5332 putant,
976 5255 1105 5334 ipsosne
1131 5251 1283 5314 latendum
1306 5259 1366 5325 est,
1384 5272 1421 5312 an
1444 5248 1580 5334 Philippi
1601 5254 1715 5333 scripta
1734 5253 1918 5315 sententiam
1940 5254 1970 5314 in
1992 5250 2130 5317 macuto
2150 5250 2343 5341 quitab-
2360 5332 2362 5337 .
2382 5266 2390 5327 j
2404 5250 2444 5335 J
2489 5252 2494 5263 ’

459 5341 560 5400 versis
583 5346 733 5411 mutasse,
753 5347 784 5401 et
801 5341 959 5400 invexisse
981 5360 1080 5420 genus
1099 5340 1253 5401 doctrinae
1273 5358 1395 5408 norum,
1417 5336 1549 5400 alienum
1568 5358 1587 5398 a
1606 5341 1707 5399 nativa
1723 5340 1803 5420 Aug.
1823 5336 1912 5401 Cont'.
1935 5340 2097 5413 manta,
2119 5356 2218 5423 quan..
2265 5414 2268 5423 .
2287 5404 2370 5423 Μ
2410 5334 2430 5349 ’“

354 5474 360 5479 .
459 5424 584 5487 scilic'et
604 5433 655 5487 est
676 5425 795 5487 authori
829 5425 912 5487 illius
935 5446 995 5486 non
1017 5427 1096 5487 satis
1119 5434 1218 5487 notam
1241 5426 1352 5496 luisse,
1375 5431 1427 5485 ant
1450 5426 1479 5484 si
1501 5426 1575 5505 quid
1597 5427 1716 5487 inesset
1740 5425 1879 5498 obscuri,
1912 5418 1992 5487 lals'o
2009 5424 2136 5509 ιο1111ο1ΙΙ

459 5520 575 5595 conba,
597 5512 657 5574 aed
678 5513 848 5575 seeundum
866 5513 902 5574 S.
924 5511 1101 5595 Scripturas
1123 5530 1256 5599 normam
1278 5509 1508 5595 intelligendum
1529 5519 1622 5593 atque
1643 5510 1899 5595 interpretandam
1920 5522 2049 5597 assat·
2079 5578 2082 5589 ,
2108 5554 2144 5599 3,
