5875 6700
1095 383 1120 408 „5

1083 409 1124 460 F?

1082 461 1108 502 --“.·.·

754 669 759 678 ·
874 662 898 731 i.
920 660 1023 729 nou
1044 656 1328 728 ruuouooron
1348 656 1467 723 unm
1488 656 1552 724 no
1568 623 1667 723 ¹uoo
1687 655 1805 724 osus
1826 652 2123 723 ssscrmrss.

695 861 723 916 1.
744 852 896 914 linricii
918 847 1051 912 Gordia

1146 1000 1334 1064 Communes
1357 1002 1458 1081 sapidi
1475 1002 1577 1061 Locos
1600 998 1734 1081 Philippi

1145 1089 1271 1149 Aeterni
1289 1087 1427 1147 madidas
1450 1086 1531 1148 cedri
1553 1085 1670 1166 liquore

1148 1172 1283 1243 Summa,
1296 1173 1395 1251 'quam
1419 1180 1518 1253 potes,
1543 1171 1700 1251 eleganter
1720 1176 1784 1231 arta

1148 1257 1222 1319 Mox
1245 1259 1415 1337 compinge,
1438 1256 1562 1338 polique
1585 1257 1746 1336 lerigaque

1147 1342 1190 1407 Et
1212 1344 1292 1424 picta
1313 1352 1383 1423 tege
1401 1342 1495 1423 pelle,
1518 1344 1690 1424 sericisque

1012 1476 1017 1485 .
1148 1429 1295 1490 Auratum
1318 1428 1391 1489 mibi
1413 1427 1519 1508 ligulis
1541 1429 1663 1489 adorna.

1148 1514 1330 1577 Monstrauti
1350 1515 1475 1594 insuper
1493 1513 1605 1575 all'abre
1623 1513 1761 1574 Minerva

1148 1600 1242 1662 Albis
1263 1602 1345 1680 stips
1366 1619 1521 1679 oneraque
1544 1600 1722 1679 margaritis.

1145 1684 1225 1746 Nam
1248 1686 1356 1766 quales
1378 1686 1455 1747 liber
1476 1685 1528 1746 bic
1545 1706 1622 1767 opes
1644 1683 1790 1756 recondit,

1147 1768 1215 1833 Tali
1238 1772 1331 1833 debet
1353 1779 1385 1834 et
1403 1772 1535 1832 eminere
1557 1770 1652 1835 cultu.

697 1961 726 2019 2.
749 1956 942 2020 lobannis
965 1955 1130 2045 §rigetii
1152 1959 1182 2022 in
1205 1960 1275 2020 eius
1293 1958 1432 2022 Poemat.
1476 1956 1513 2018 P.
1537 1959 1562 2019 1.
1586 1956 1639 2018 iot.
1665 1958 1771 2055 ltili:

1149 2110 1252 2191 Pingit
1274 2120 1308 2173 ut
1324 2114 1397 2174 aerii
1420 2112 1459 2173 de
1480 2114 1595 2174 vertice
1611 2111 1701 2192 lapsa
1721 2109 1828 2171 Sionis

1192 2200 1299 2278 Irrigat
1321 2196 1481 2259 humentes
1504 2200 1594 2279 copia
1616 2199 1691 2258 roris
1715 2215 1822 2276 agrosr

1147 2280 1241 2346 Altus
1264 2291 1298 2345 ιιι
1316 2284 1480 2363 egrediens
1501 2285 1675 2364 stagnantia
1691 2282 1791 2343 littora
1811 2278 1903 2340 Nilus

1194 2368 1356 2432 Foetilicat
1376 2368 1460 2448 largo
1483 2390 1551 2430 rura
1568 2371 1733 2450 propinqua
1755 2369 1841 2427 sinu.

1150 2454 1204 2516 Sic
1227 2453 1286 2515 boc
1308 2475 1417 2536 sparsa
1438 2454 1627 2517 libroverae
1651 2454 1786 2515 doctriua
1807 2450 1921 2512 salutis

1194 2542 1338 2602 Aeternis
1361 2540 1467 2621 implet
1489 2548 1613 2621 pectora
1634 2547 1739 2601 sancta
1762 2538 1862 2598 bonis.

1150 2624 1293 2705 Explicet
1314 2628 1416 2687 invicti
1440 2627 1522 2706 quod
1543 2628 1591 2687 sic
1613 2624 1736 2687 oracula
1758 2622 1884 2693 Christi,

1192 2710 1317 2773 Nullum
1340 2711 1400 2773 boc
1421 2713 1451 2771 in
1475 2714 1563 2773 terris
1584 2712 1722 2772 sanctius
1744 2714 1826 2771 extat
1847 2726 1937 2789 opus.

698 2902 729 2958 ³.
751 2896 914 2960 Martini
937 2896 1179 2989 sidemanni:
1291 2880 1302 2887 ”

1151 3052 1255 3113 Aurea
1276 3072 1356 3113 nunc
1373 3051 1542 3113 Methodus
1563 3070 1675 3131 magno
1694 3056 1836 3110 contexta
1852 3046 1988 3129 Philippi

1194 3139 1332 3217 Ingenio,
1355 3136 1459 3217 gracili
1479 3137 1614 3198 continet
1636 3137 1697 3196 ista
1717 3142 1802 3216 typo.

1151 3220 1247 3303 loque
1270 3221 1363 3283 locos·
1376 3223 1486 3302 redigit
1506 3242 1644 3283 summas
1663 3221 1853 3281 discentibus
1871 3225 1970 3300 aptes,

1198 3305 1265 3370 Ceu
1288 3327 1379 3388 grave
1401 3310 1511 3387 pictori
1533 3307 1614 3369 linea
1636 3313 1784 3368 monstret
1804 3326 1895 3386 opus.
1948 3313 1959 3326 “

1151 3391 1221 3453 Νοιι
1238 3393 1338 3473 liquor
1354 3391 1516 3473 Hyblaeus
1538 3395 1586 3454 sic
1602 3392 1756 3453 delectare
1776 3391 1921 3471 palatum,

1199 3476 1243 3540 Ut
1264 3477 1342 3540 liber
1364 3478 1414 3539 bic
1436 3479 1553 3540 animos
1576 3478 1729 3540 erudiisse
1749 3483 1864 3558 potest

699 3666 786 3725 Haec
809 3663 911 3744 elogia
931 3672 1005 3726 sunt
1026 3666 1165 3739 virorum,
1189 3669 1241 3747 qui
1258 3686 1383 3748 semper
1404 3673 1489 3728 eraut
1509 3664 1719 3728 Melautbonis
1742 3666 1841 3726 amici.

701 3818 763 3879 Alii
787 3825 890 3879 contra
906 3819 992 3898 prius
1015 3820 1137 3900 quidem
1160 3818 1343 3881 luaddiores
1365 3823 1443 3895 eius,
1466 3828 1577 3901 postea
1598 3841 1670 3881 vero
1698 3818 1936 3901 reprehensores
1962 3818 2098 3878 acerrimi
2125 3817 2254 3878 luemut
2320 3814 2402 3879 luter
2423 3835 2504 3896 quos

496 3905 634 3986 inprimis
656 3903 848 3966 Matthias
870 3903 1030 3965 Flacius
1052 3905 1230 3967 referendus
1254 3914 1313 3979 est,
1336 3908 1374 3967 de
1398 3928 1457 3987 quo
1481 3904 1659 3988 Christoplr.
1682 3905 1826 3967 Penelius
1854 3907 1884 3965 io
1908 3901 2040 3984 epistola
2060 3903 2259 3974 dedicatoria,
2294 3922 2383 3981 quarn
2407 3902 2505 3964 Loco·

495 4011 560 4054 rum
583 3989 824 4070 theologicorum
846 3989 981 4069 Strigelii
1004 3988 1142 4052 Tomol.
1167 3993 1311 4072 praetirii,
1335 3991 1387 4052 tol.
1411 4012 1431 4052 a
1453 3994 1559 4054 4i-ii
1586 4000 1617 4054 1·
1638 3991 1715 4053 liaeo
1737 3992 1845 4052 refert:
1866 3989 1971 4064 „Quin
1995 3996 2025 4052 et
2047 3989 2182 4052 l'lacium
2200 3988 2363 4070 lllyricum,
2386 3991 2437 4068 qui
2449 3989 2506 4070 pri

496 4097 567 4138 mus
587 4079 617 4137 in
641 4075 745 4137 barum
768 4076 976 4139 Ecclesiamm
1000 4078 1082 4148 sinu,
1100 4097 1179 4156 quae
1202 4087 1275 4140 suut
1295 4078 1436 4140 addictae
1459 4075 1658 4139 confessioni
1681 4081 1898 4158 Augustanae,
1921 4075 2061 4147 arrodere
2079 4076 2244 4138 doctrinam
2263 4073 2413 4136 Locorum
2436 4074 2508 4136 Phi·

496 4161 571 4244 lippi
594 4169 707 4244 postea
729 4183 825 4223 ausus
849 4169 908 4232 est,
931 4168 1091 4241 antequam
1115 4163 1296 4227 factionibus
1319 4185 1394 4226 sese
1412 4166 1586 4235 muniisset,
1611 4172 1644 4226 et
1666 4185 1733 4226 cum
1757 4162 1873 4243 aliquid
1893 4161 1994 4223 adbuc
2015 4182 2111 4222 sanae
2133 4163 2243 4222 mentis
2268 4161 2405 4233 liaberet,
2422 4180 2507 4249 prae·

498 4247 579 4310 olere
605 4249 766 4309 admodum
796 4249 833 4309 de
856 4247 917 4308 boc
938 4246 1015 4309 libro
1034 4249 1073 4309 ad
1095 4246 1269 4331 Philippum
1291 4253 1458 4331 scripsisse
1478 4259 1614 4322 constat,
1648 4271 1716 4311 cum
1741 4248 1828 4311 bis
1821 4249 1900 4330 ipsis
1923 4249 2025 4309 verbis
2047 4249 2087 4309 ad
2108 4268 2177 4308 euni
2199 4253 2348 4310 uteretur.
2380 4234 2509 4309 Minime

498 4333 945 4500 iiiiiii'i‘diil'i’
964 4334 1211 4524 immitti
1226 4337 1553 4503 “tyllfflilualiii
1575 4344 1654 4483 tii:
1672 4333 2321 4524 iiiiiiitiutti‘iditatis,
2339 4335 2509 4498 ‘iiiiii'

498 4525 573 4586 poro
597 4508 687 4567 etiam
709 4506 769 4567 boc
801 4506 926 4585 scripsit
955 4504 1109 4566 Flaoius'
1102 4528 1131 4566 m
1154 4508 1231 4569 libro
1254 4509 1293 4569 de
1316 4511 1397 4568 notis
1419 4507 1615 4570 Antichristi:
1649 4509 1786 4569 Sciunt
1779 4509 1839 4588 ipsi
1858 4526 1981 4586 quoque
1999 4503 2194 4585 Papistae,
2186 4527 2216 4566 m
2239 4506 2379 4567 omnibus
2397 4505 2510 4566 nostris
2619 4498 2621 4503 ’

499 4589 655 4653 Ecclesiis
679 4594 720 4653 ita
737 4593 900 4653 doctrinam
935 4586 1052 4657 Christi
1075 4594 1167 4665 tradi,
1200 4596 1281 4654 sicut
1304 4613 1341 4653 ea
1368 4593 1460 4654 inl).
1485 4591 1619 4674 Plrilippi
1637 4594 1716 4655 locis
1740 4595 1951 4654 communibus
1975 4590 2198 4695 comprehensa
2219 4600 2299 4653 est.
2366 4591 2410 4652 At
2430 4588 2513 4651 baud

500 4675 592 4757 longo
615 4680 717 4759 post
709 4700 738 4739 m
760 4677 920 4760 permultis
943 4675 1060 4738 libellis
1083 4698 1172 4757 quam
1196 4682 1324 4740 maxime
1346 4680 1473 4751 studuit,
1496 4687 1529 4740 ui
1551 4678 1622 4740 lruic
1647 4679 1743 4761 Operi
1766 4677 1974 4740 Melantbonis
2004 4678 2115 4739 eximio
2149 4697 2269 4768 omnem
2301 4677 2512 4738 auctoritatem

502 4762 685 4843 detraheret,
704 4784 764 4844 quo
787 4763 917 4826 consilio
935 4762 1011 4825 illud
1034 4770 1147 4826 tanturn
1177 4764 1414 4827 Vocabularium
1436 4785 1478 4825 aa
1499 4786 1560 4847 quo
1583 4768 1736 4827 nominare
1756 4764 1887 4827 solebat
1899 4768 1954 4843 ⁸⁴⁶)

500 5027 818 5043 *ρ-ι-

602 5117 628 5189 'J
655 5124 725 5176 Rrec
741 5122 842 5176 risum
859 5122 893 5174 ad
911 5122 1102 5175 lielanibonem
1120 5125 1223 5187 senesii
1240 5124 1267 5177 tn
1285 5125 1397 5188 epistota
1414 5137 1506 5179 mense
1523 5126 1596 5179 iunio
1613 5137 1638 5179 ι,
1658 5126 1732 5179 triti.
1752 5137 1768 5177 e
1785 5125 1960 5188 ttagdeburro
1977 5124 2012 5177 sd
2030 5136 2091 5177 eum
2108 5126 2198 5179 mssa

590 5239 636 5307 ’Ἴ
653 5243 689 5296 be
707 5242 757 5294 bac
773 5254 801 5294 re
820 5243 965 5296 simbolius
982 5243 1008 5294 in
1027 5243 1042 5294 i.
1060 5239 1178 5308 betirige
1197 5253 1217 5308 ι.
1237 5239 1295 5296 titi.
1313 5245 1331 5302 Ι.
1354 5246 1374 5296 ι.
1392 5257 1417 5307 p.
1440 5247 1496 5298 iti·
1514 5258 1546 5297 er
1564 5244 1609 5297 Pb.
1627 5244 1799 5297 tietantimnts
1817 5244 1942 5306 epistota,
1960 5245 2110 5297 Poematum
2129 5246 2162 5297 to.
2180 5242 2277 5306 sttselti
2295 5241 2422 5295 volumini
2438 5243 2517 5299 tertio

656 5313 747 5376 (tense
769 5313 842 5370 iiiiii,
860 5313 902 5373 8.)
921 5312 1063 5365 subiunciia
1081 5311 1156 5363 atteri
1175 5312 1271 5364 haecce
1290 5313 1368 5365 rerba
1386 5314 1566 5375 Meirnibonis,
1585 5325 1651 5376 uuae
1670 5314 1722 5365 itiic
1739 5314 1785 5367 tot.
1796 5313 1862 5366 iiiib
1886 5314 2020 5375 teruntur:
2038 5315 2129 5376 „Nune
2146 5313 2189 5365 tite
2207 5312 2362 5373 siconmnia
2381 5323 2454 5365 mess
2471 5323 2518 5375 pr·

654 5381 749 5443 setim,
766 5386 872 5443 pmpier
888 5393 953 5444 onas
972 5381 1045 5432 mutii
1063 5381 1126 5432 mibi
1143 5382 1242 5441 gratim
1260 5389 1350 5445 agunt,
1368 5383 1485 5435 nominat
1506 5378 1744 5433 Vocabutarium
1761 5394 1800 5432 ea
1818 5395 1885 5448 quo.
1921 5382 1964 5434 sie
1981 5394 2042 5435 vero
2059 5382 2158 5436 senito.
2182 5382 2204 5435 st
2228 5393 2303 5433 meac
2320 5381 2439 5443 percitae
2456 5382 2519 5435 runi

654 5452 839 5509 onomssiioon,
857 5449 998 5503 ostendens
1017 5451 1117 5502 nsiiiss
1135 5449 1336 5510 significationes
1353 5463 1445 5503 vocum
1463 5452 1562 5514 sitquot
1579 5453 1604 5503 in
1623 5451 1749 5514 Ecclesia,
1772 5451 1926 5514 praeseritm
1944 5463 2049 5513 esrum,
2067 5461 2133 5514 oure
2152 5451 2364 5513 terroremue
2386 5448 2420 5503 ad
2443 5460 2519 5512 pere·

654 5520 755 5579 urinam
776 5517 987 5576 significationem
1007 5519 1123 5571 detortae
1141 5525 1209 5576 sunt,
1228 5518 1302 5571 video
1289 5530 1318 5572 or
1335 5520 1468 5572 meliorem
1487 5531 1593 5583 operam
1611 5533 1739 5579 navasse.
1756 5532 1832 5583 quem
1851 5521 1874 5573 si
1893 5520 2043 5584 Pyramides
2060 5519 2359 5582 Aeginiummssimites
2377 5517 2519 5572 emirum·

537 5630 542 5641 ι
578 5610 582 5616 -
655 5598 721 5640 sem.
739 5586 839 5640 inuio
855 5586 960 5639 viduam
970 5584 1094 5652 cbristus,
1111 5597 1178 5651 quse
1196 5580 1249 5637 δύο
1265 5583 1349 5637 λεπτὰ
1367 5589 1463 5652 tempto
1482 5589 1585 5649 tribuit,
1604 5589 1648 5642 isti
1665 5600 1711 5643 eur
1727 5599 1780 5642 uon
1797 5588 1902 5642 uadunt
1919 5588 2050 5642 docirbre
2068 5600 2162 5652 eorpus
2179 5588 2274 5642 metus
2292 5585 2486 5652 eroliesiorni*

2260 5685 2313 5739 4⁶⁸.
